@article{王培河2012ap1000,
  title     = {AP1000 蒸汽发生器制造难点分析},
  author    = {王培河 and 陈富彬 and others},
  journal   = {2010 中国核电产业科技创新与发展论坛},
  pages     = {156--164},
  year      = {2012},
  publisher = {中国核电杂志社}
}
@book{2009船舶核动力装置,
  title     = {船舶核动力装置},
  isbn      = {9787502246365},
  lccn      = {2010394624},
  url       = {https://books.google.com.hk/books?id=czGsQwAACAAJ},
  year      = {2009},
  publisher = {原子能出版社}
}